@comment{

    how-to-prepare-manuscripts.bib -- Bibliography database for
				      CODEE Journal class example
				      article.

    Copyright (C) 2009-2016  Consortium for Ordinary Differential Equations Educators.

    This work may be distributed and/or modified under the conditions of
    the LaTeX Project Public License, either version 1.3 of this license
    or (at your option) any later version.

    The latest version of this license is in
      http://www.latex-project.org/lppl.txt
    and version 1.3 or later is part of all distributions of LaTeX
    version 2005/12/01 or later.

    This work has the LPPL maintenance status `maintained'.

    The Current Maintainer of this work is CODEE <codee at hmc.edu>

    This work consists of all files listed in manifest.txt.

    Source code available from https://github.com/hmcmathematics/codee-class/.
}

@Article{borrelli-coleman-2009,
  author =	 {Robert Borrelli and Courtney Coleman},
  title =	 {Pitfalls and Pluses in Using Numerical Software to
                  Solve Differential Equations },
  journal =	 {CODEE Journal},
  year =	 2009,
  note =	 {URL \url{http://www.codee.org/ref/PA09-0157}},
}

@Book{gratzer-2004,
  author =	 {George Gr\"{a}tzer},
  title =	 {More Math Into LaTeX},
  publisher =	 {Springer},
  year =	 2007,
  edition =	 {4th},
}

@book{lamport-1994,
  author =	 {Leslie Lamport},
  publisher =	 {Addison-Wesley Pub.~Co.},
  title =	 {LATEX: A Document Preparation System},
  year =	 1994,
}
